% Encoding: UTF-8

@inproceedings{PereiraR20,
  author       = {M{\'{a}}rio Pereira and
                  Ant{\'{o}}nio Ravara},
  editor       = {Alexandra Silva and
                  K. Rustan M. Leino},
  title        = {Cameleer: {A} Deductive Verification Tool for OCaml},
  booktitle    = {Computer Aided Verification - 33rd International Conference, {CAV}
                  2021, Virtual Event, July 20-23, 2021, Proceedings, Part {II}},
  series       = {Lecture Notes in Computer Science},
  volume       = {12760},
  pages        = {677--689},
  publisher    = {Springer},
  year         = {2021},
  url          = {https://doi.org/10.1007/978-3-030-81688-9\_31},
  doi          = {10.1007/978-3-030-81688-9\_31},
  timestamp    = {Sat, 09 Apr 2022 12:33:43 +0200},
  biburl       = {https://dblp.org/rec/conf/cav/PereiraR20.bib},
  bibsource    = {dblp computer science bibliography, https://dblp.org}
}
